@inproceedings{ester1996density,
  title={A density-based algorithm for discovering clusters in large spatial databases with noise},
  author={Ester, Martin and Kriegel, Hans and Sander, J{\"o}rg and Xu, Xiaowei},
  year={1996},
  booktitle = {Proceedings of the 2nd KDD},
  pages={226--231}
}

@inproceedings{Gowanlock2016,
  author = {{Gowanlock}, M. and {Blair}, D. M. and {Pankratius}, V.},
  booktitle = {Proceedings of the 30th IEEE International Parallel \& Distributed Processing Symposium},
  title = {{Exploiting Variant-Based Parallelism for Data Mining of Space Weather Phenomena}},
  pages= {760-769},
  DOI={10.1109/IPDPS.2016.10},
  year = 2016
}